<record><leader>00000cas a22000007a 4500</leader><controlfield tag="001">8786563</controlfield><controlfield tag="008">820918d18701884iauwr ne      0    0eng  </controlfield><datafield ind1=" " ind2=" " tag="010"><subfield code="a">sn 82014473 </subfield></datafield><datafield ind1=" " ind2=" " tag="040"><subfield code="a">DLC</subfield><subfield code="b">eng</subfield><subfield code="c">DLC</subfield><subfield code="d">NPU</subfield><subfield code="d">NPX</subfield><subfield code="d">INP</subfield><subfield code="d">DLC</subfield><subfield code="d">INP</subfield><subfield code="d">OCLCQ</subfield></datafield><datafield ind1=" " ind2=" " tag="042"><subfield code="a">msc</subfield></datafield><datafield ind1="0" ind2="0" tag="050"><subfield code="a">Newspaper 7768-X</subfield></datafield><datafield ind1="0" ind2=" " tag="130"><subfield code="a">Iowa State leader (Des Moines, Iowa : 1870)</subfield></datafield><datafield ind1="1" ind2="0" tag="245"><subfield code="a">Iowa State leader.</subfield></datafield><datafield ind1="1" ind2="7" tag="246"><subfield code="a">Weekly Iowa state leader</subfield><subfield code="f">&lt;Feb. 24, 1871, Feb. 15, 1883&gt;</subfield></datafield><datafield ind1="1" ind2="3" tag="246"><subfield code="a">Weekly leader</subfield></datafield><datafield ind1="1" ind2="3" tag="246"><subfield code="a">State leader</subfield></datafield><datafield ind1=" " ind2=" " tag="260"><subfield code="a">Des Moines, Iowa :</subfield><subfield code="b">Banker Bros. &amp; Dawson</subfield></datafield><datafield ind1=" " ind2=" " tag="300"><subfield code="a">v. :</subfield><subfield code="b">ill. ;</subfield><subfield code="c">55-70 cm.</subfield></datafield><datafield ind1=" " ind2=" " tag="310"><subfield code="a">Weekly</subfield></datafield><datafield ind1="1" ind2=" " tag="362"><subfield code="a">Began in 1870; ceased in Jan. 1884.</subfield></datafield><datafield ind1=" " ind2=" " tag="500"><subfield code="a">"Iowa" appears within title ornament, &lt;June 15, 1876-Dec. 29, 1881&gt;.</subfield></datafield><datafield ind1=" " ind2=" " tag="500"><subfield code="a">Publisher varies.</subfield></datafield><datafield ind1=" " ind2=" " tag="500"><subfield code="a">"Democratic."</subfield></datafield><datafield ind1=" " ind2=" " tag="515"><subfield code="a">Numbered within the year, &lt;1871-1881&gt;.</subfield></datafield><datafield ind1=" " ind2=" " tag="588"><subfield code="a">Description based on: 22nd year, no. 34 (Feb. 24, 1871).</subfield></datafield><datafield ind1=" " ind2=" " tag="752"><subfield code="a">United States</subfield><subfield code="b">Iowa</subfield><subfield code="c">Polk</subfield><subfield code="d">Des Moines.</subfield></datafield><datafield ind1="0" ind2=" " tag="775"><subfield code="a">Daily state leader</subfield><subfield code="w">(DLC)sn 87057203</subfield><subfield code="g">&lt;1870&gt;-Dec. 30, 1872</subfield></datafield><datafield ind1="0" ind2=" " tag="775"><subfield code="a">Iowa state leader (Des Moines, Iowa : 1872)</subfield><subfield code="w">(DLC)sn 87057129</subfield><subfield code="g">Dec. 31, 1872-Apr. 7, 1873</subfield></datafield><datafield ind1="0" ind2=" " tag="775"><subfield code="t">Daily Iowa State leader</subfield><subfield code="w">(DLC)sn 84027109</subfield><subfield code="g">Apr. 8, 1873-Dec. 31, 1875</subfield></datafield><datafield ind1="0" ind2=" " tag="775"><subfield code="t">Iowa state leader (Des Moines, Iowa : 1876)</subfield><subfield code="w">(DLC)sn 85049889</subfield><subfield code="g">Jan. 3, 1876-&lt;1884&gt;</subfield></datafield><datafield ind1="0" ind2="0" tag="780"><subfield code="t">Des Moines statesman</subfield></datafield><datafield ind1="0" ind2="0" tag="785"><subfield code="t">Des Moines leader (Des Moines, Iowa : 1884 : Weekly)</subfield><subfield code="w">(DLC)sn 85049890</subfield></datafield><datafield ind1="1" ind2=" " tag="029"><subfield code="a">AU@</subfield><subfield code="b">000025818424</subfield></datafield></record>